<collection xmlns="http://www.loc.gov/MARC21/slim">
<record>
  <leader>01057nam0a22002051i 450 </leader>
  <controlfield tag="001">IT\ICCU\CNCE\080225</controlfield>
  <controlfield tag="005">20200327000000.0</controlfield>
  <datafield tag="012" ind1=" " ind2=" ">
    <subfield code="a">tie- e.e? to4. L&apos;Tr (C) 1596 (A)</subfield>
    <subfield code="2">fei</subfield>
  </datafield>
  <datafield tag="100" ind1=" " ind2=" ">
    <subfield code="a">20200327d1596        0itac0103    ba</subfield>
  </datafield>
  <datafield tag="101" ind1=" " ind2=" ">
    <subfield code="a">ITA</subfield>
  </datafield>
  <datafield tag="102" ind1=" " ind2=" ">
    <subfield code="a">IT</subfield>
  </datafield>
  <datafield tag="200" ind1="1" ind2=" ">
    <subfield code="a">℗La ℗compita donazione nella quale con breuita si dechiara compitamente del donare, e del prestare. Per beneficio e per guida delli ciechi , &amp; ignoranti, dimostrando con diuersit ̉de figure, diuersit ̉de sutili adulatori, quali per disponere li sopradettial dispogliar se stessi, sempre sono ben lor freschi mon stracchi, e tutta notte fan&apos;, de gli almanacchi</subfield>
  </datafield>
  <datafield tag="210" ind1=" " ind2=" ">
    <subfield code="a">In Milano</subfield>
    <subfield code="c">per Gio. Stephano Oriens</subfield>
    <subfield code="d">si vende nella contrada de&apos; Rastelli</subfield>
    <subfield code="d">1596</subfield>
  </datafield>
  <datafield tag="215" ind1=" " ind2=" ">
    <subfield code="a">\56! c.</subfield>
    <subfield code="c">ill. </subfield>
    <subfield code="d">8ʻ</subfield>
  </datafield>
  <datafield tag="300" ind1=" " ind2=" ">
    <subfield code="a">Nome dell&apos;autore dalla dedica</subfield>
  </datafield>
  <datafield tag="620" ind1=" " ind2=" ">
    <subfield code="a">IT</subfield>
    <subfield code="d">Milano</subfield>
  </datafield>
  <datafield tag="700" ind1=" " ind2="1">
    <subfield code="a">Bovero,</subfield>
    <subfield code="b">Baldassarre</subfield>
    <subfield code="3">IT\ICCU\CNCA\001964</subfield>
  </datafield>
  <datafield tag="712" ind1="0" ind2="0">
    <subfield code="a">Oriens, Giovanni Stefano</subfield>
    <subfield code="3">IT\ICCU\CNCT\006575</subfield>
    <subfield code="4">650</subfield>
  </datafield>
  <datafield tag="801" ind1=" " ind2="3">
    <subfield code="a">IT</subfield>
    <subfield code="b">ICCU</subfield>
    <subfield code="c">20201115</subfield>
  </datafield>
  <datafield tag="899" ind1=" " ind2=" ">
    <subfield code="a">Biblioteca estera - Bayerische StaatsBibliothek. Muenchen</subfield>
    <subfield code="1">AA0008</subfield>
  </datafield>
</record>
</collection>
